@inproceedings{voynov2021object,
  title={Object Segmentation Without Labels with Large-Scale Generative Models},
  author={Voynov, Andrey and Morozov, Stanislav and Babenko, Artem},
  booktitle={International Conference on Machine Learning},
  pages={10596--10606},
  year={2021},
  organization={PMLR}
}

@misc{Voynov2021githubrepo,
  title = {Object Segmentation Withhout Labels with Large-Scale Generative Models @ github},
  howpublished = {\url{https://github.com/anvoynov/BigGANsAreWatching}},
  note = {Accessed: 2021-07-16}
}